<?xml version="1.0" encoding="UTF-8"?><collection><record><leader>06248ntm a2200601 a 4500</leader><controlfield tag="001">006822154</controlfield><controlfield tag="003">MiAaHDL</controlfield><controlfield tag="005">20190719000000.0</controlfield><controlfield tag="006">m        d        </controlfield><controlfield tag="007">cr bn ---auaua</controlfield><controlfield tag="008">090623q15741620xx            00| ||ota d</controlfield><datafield tag="035" ind1=" " ind2=" "><subfield code="a">(MiU)006822154</subfield></datafield><datafield tag="035" ind1=" " ind2=" "><subfield code="a">sdr-miu006822154</subfield></datafield><datafield tag="040" ind1=" " ind2=" "><subfield code="a">MiU</subfield><subfield code="c">MiU</subfield><subfield code="e">amremm</subfield></datafield><datafield tag="041" ind1="0" ind2=" "><subfield code="a">ota</subfield></datafield><datafield tag="043" ind1=" " ind2=" "><subfield code="a">n-us-mi</subfield></datafield><datafield tag="100" ind1="0" ind2=" "><subfield code="6">880-01</subfield><subfield code="a">Abdülkerim b. Mehmet,</subfield><subfield code="d">fl. 1574?</subfield></datafield><datafield tag="245" ind1="1" ind2="0"><subfield code="6">880-03</subfield><subfield code="a">Nesayihü'l-ebrar,</subfield><subfield code="f">[late 16th or early 17th century?].</subfield></datafield><datafield tag="246" ind1="3" ind2=" "><subfield code="a">Naṣā’iḥ al-abrār</subfield></datafield><datafield tag="246" ind1="3" ind2=" "><subfield code="a">نصائح الابرار</subfield></datafield><datafield tag="260" ind1=" " ind2=" "><subfield code="c">[1574-1620?].</subfield></datafield><datafield tag="300" ind1=" " ind2=" "><subfield code="a">14 leaves :</subfield><subfield code="b">paper ;</subfield><subfield code="c">195 x 123 (125 x 60) mm.</subfield></datafield><datafield tag="500" ind1=" " ind2=" "><subfield code="a">Shelfmark: Ann Arbor, University of Michigan, Special Collections Library, Isl. Ms. 389</subfield></datafield><datafield tag="500" ind1=" " ind2=" "><subfield code="a">Origin: Lacks dated colophon ; paper, decoration, etc. suggest late 16th or early 17th century.</subfield></datafield><datafield tag="500" ind1=" " ind2=" "><subfield code="a">Former shelfmark: "314 T. De M. [i.e. Tammaro De Marinis]" inscribed in pencil on verso of front flyleaf.</subfield></datafield><datafield tag="500" ind1=" " ind2=" "><subfield code="a">Binding: Pasteboards covered in dark maroon leather ; Type II binding (with flap, though now lost) ; board linings and outer flyleaves in quite glossy, blue surface-dyed paper ; upper and lower covers carry large stamped and gold-painted mandorla (filled with vegetal composition, compare Déroche class. OA1 1) along with gold-painted accents and tooled border ; sewn in brown thread, four stations ; overall in fair condition (despite loss of flap) with minor abrasion, lifting of leather, etc. ; repair to spine (rebacked) in red leather.</subfield></datafield><datafield tag="500" ind1=" " ind2=" "><subfield code="a">Support: non-European laid paper with roughly 8 laid lines per cm. (horizontal or vertical, quite indistinct, curving) and no chain lines plainly visible, cloudy formation, thin and fairly transluscent though sturdy, burnished but not glossy, not heavily sized ; inner flyleaves in European laid paper with 12 laid lines per cm. (vertical), chain lines spaced 28 mm. apart (horizontal) and watermark of circle with trefoil above and possibly anchor [?] inside.</subfield></datafield><datafield tag="500" ind1=" " ind2=" "><subfield code="a">Decoration: Splendid illuminated headpiece (ʻunwān / sarlawḥ) at opening on p.4, consisting of rectangular piece with gold cartouche (carrying title in black "نصايح الابرار") surrounded by elegant swirling arabesques with floral motifs in gold, lavender, red, pink, white, light blue, etc. on a cobalt and gold ground and bordered in a band of black with white or light blue crosses, surmounted by scalloped triangular piece (hasp) or dome filled with similar floral vegetal design on a cobalt and gold ground, itself surmounted by vertical stalks (tīgh) in cobalt with red accents ; written area gold-flecked and surrounded by gold frame defined by black fillets (with outermost cobalt rule on incipit page) ; keywords and headings rubricated ; textual dividers in the form of red discs.</subfield></datafield><datafield tag="500" ind1=" " ind2=" "><subfield code="a">Script: Naskh ; exquisite hand ; irregularly seriffed with right-sloping head-serifs on many ascenders, slight effect of tilt to the left, curvilinear descenders, many open counters, pointing (for two and three dots) in conjoined dots or strokes.</subfield></datafield><datafield tag="500" ind1=" " ind2=" "><subfield code="a">Layout: Written in 11 lines per page ; frame-ruled.</subfield></datafield><datafield tag="500" ind1=" " ind2=" "><subfield code="a">Collation: ii, VII (14), iii ; catchwords present though only occasionally visible (often cut off) ; pagination in pencil, Western numerals, supplied during digitization (includes some flyleaves).</subfield></datafield><datafield tag="500" ind1=" " ind2=" "><subfield code="a">Dedication: As appears in opening matter on p.5, dedicated to Sultan Murat III (r.1574-1595).</subfield></datafield><datafield tag="500" ind1=" " ind2=" "><subfield code="a">Explicit: "در حال افعال ماضيه وافكار راتيه سنه استغفار ايلدى تمت الرسالة"</subfield></datafield><datafield tag="500" ind1=" " ind2=" "><subfield code="a">Incipit: "حمد وسپاس وثناء بى قياس بصانع شهود عالم ومبدع وجود آدم ... اما بعد بو فقير وحقير بو رسالۀ معتبرۀ كتب حكمادن لسان فارسدن اخراج ايلدم ... اسم رساله نصايح الابرار والله الموفق والمستعان وعليه التكلان ..."</subfield></datafield><datafield tag="500" ind1=" " ind2=" "><subfield code="a">Title from inscription on fly leaf (p.1), illuminated headpiece at opening (p.4), and opening matter (p.7).</subfield></datafield><datafield tag="500" ind1=" " ind2=" "><subfield code="a">Ms. codex.</subfield></datafield><datafield tag="520" ind1="8" ind2=" "><subfield code="a">Elegant copy of a collection of maxims and wise sayings from an assortment of philosophers, dedicated to Sultan Murat III (r.1574-1595) and elsewhere attributed to one Abdülkerim b. Mehmet (see manuscripts in Milli Kütüphane-Ankara 06 Mil Yz A 2539/1 and 06 Mil Yz A 1941/5, as well as Zeytinoğlu İlçe Halk Kütüphanesi 43 Ze 321/3 and İstanbul Millet Kütüphanesi 34 Ae Edebiyat 478/2).</subfield></datafield><datafield tag="538" ind1=" " ind2=" "><subfield code="a">Mode of access: Internet.</subfield></datafield><datafield tag="541" ind1=" " ind2=" "><subfield code="c">Purchase ;</subfield><subfield code="a">Acquired by purchase (funds donated by Horace Rackham).</subfield><subfield code="d">1924.</subfield></datafield><datafield tag="546" ind1=" " ind2=" "><subfield code="a">Ottoman Turkish.</subfield></datafield><datafield tag="561" ind1=" " ind2=" "><subfield code="a">On 'title page' (p.3), ownership statement and seal impression (seemingly dated 1274 [1857 or 8]) in name of one Mustafa Reşit ( Muṣṭafá Rashīd / السيد مصطفى رشيد ) likely son of the grand vezir Mehmet Emin Âli Paşa (d.1871), compare statements (some dated 1286 [1870]) and seal impressions in other manuscripts, including Isl. Ms. 226, along with Isl. Ms. 308, Isl. Ms. 371, Isl. Ms. 399 and Isl. Ms. 409, statement reads "من كتب الفقير الحقير مصطفى رشيد مخدوم عالى پاشا" ; excerpts on front and back flyleaves (p.1 and p.34).</subfield></datafield><datafield tag="650" ind1=" " ind2="0"><subfield code="a">Manuscripts, Turkish</subfield><subfield code="z">Michigan</subfield><subfield code="z">Ann Arbor.</subfield></datafield><datafield tag="650" ind1=" " ind2="0"><subfield code="a">Islamic ethics</subfield><subfield code="v">Early works to 1800.</subfield></datafield><datafield tag="650" ind1=" " ind2="0"><subfield code="a">Muslims</subfield><subfield code="x">Conduct of life</subfield><subfield code="v">Early works to 1800.</subfield></datafield><datafield tag="650" ind1=" " ind2="0"><subfield code="a">Aphorisms and apothegms</subfield><subfield code="v">Early works to 1800.</subfield></datafield><datafield tag="650" ind1=" " ind2="0"><subfield code="a">Islamic philosophy</subfield><subfield code="v">Early works to 1800.</subfield></datafield><datafield tag="655" ind1=" " ind2="7"><subfield code="a">Headpieces (layout features)</subfield><subfield code="y">16th century.</subfield><subfield code="2">aat</subfield></datafield><datafield tag="700" ind1="0" ind2=" "><subfield code="a">Abdülhamid</subfield><subfield code="b">II,</subfield><subfield code="c">Sultan of the Turks,</subfield><subfield code="d">1842-1918,</subfield><subfield code="e">former owner.</subfield></datafield><datafield tag="700" ind1="0" ind2=" "><subfield code="6">880-07</subfield><subfield code="a">Mustafa Reşit,</subfield><subfield code="d">fl. 1870,</subfield><subfield code="e">former owner.</subfield></datafield><datafield tag="773" ind1="0" ind2=" "><subfield code="a">Abdul Hamid Collection.</subfield></datafield><datafield tag="880" ind1="0" ind2=" "><subfield code="6">700-07/</subfield><subfield code="a">مصطفى رشيد،</subfield><subfield code="e">مالك سابق.</subfield></datafield><datafield tag="880" ind1="1" ind2="0"><subfield code="6">245-03/</subfield><subfield code="a">نصايح الابرار,</subfield><subfield code="f">[اواخر القرن 16 او اوائل القرن 17م؟].</subfield></datafield><datafield tag="880" ind1="0" ind2=" "><subfield code="6">100-01/</subfield><subfield code="a">عبد الكريم بن محمد.</subfield></datafield><datafield tag="CID" ind1=" " ind2=" "><subfield code="a">006822154</subfield></datafield><datafield tag="DAT" ind1="0" ind2=" "><subfield code="a">20190719102640.0</subfield><subfield code="b">20190719000000.0</subfield></datafield><datafield tag="DAT" ind1="1" ind2=" "><subfield code="a">20190719090653.0</subfield><subfield code="b">2019-07-19T16:12:22Z</subfield></datafield><datafield tag="DAT" ind1="2" ind2=" "><subfield code="a">2015-10-02T18:00:03Z</subfield></datafield><datafield tag="CAT" ind1=" " ind2=" "><subfield code="a">SDR-MIU</subfield><subfield code="d">EX LIBRIS - ALEPH</subfield><subfield code="l">prepare.pl-004-008</subfield></datafield><datafield tag="FMT" ind1=" " ind2=" "><subfield code="a">BK</subfield></datafield><datafield tag="HOL" ind1=" " ind2=" "><subfield code="0">sdr-miu006822154</subfield><subfield code="a">MiU</subfield><subfield code="b">SDR</subfield><subfield code="c">MIU</subfield><subfield code="p">mdp.39015079130566</subfield><subfield code="s">MIU</subfield><subfield code="1">006822154</subfield></datafield><datafield tag="974" ind1=" " ind2=" "><subfield code="b">MIU</subfield><subfield code="c">MIU</subfield><subfield code="d">20190719</subfield><subfield code="s">lit-dlps-dc</subfield><subfield code="u">mdp.39015079130566</subfield><subfield code="y">1620</subfield><subfield code="r">pd</subfield><subfield code="q">bib</subfield><subfield code="t">non-US bib date2 &lt; 1896</subfield></datafield></record></collection>